@article{typefeedback,
 author = {H\"{o}lzle, Urs and Ungar, David},
 title = {Reconciling Responsiveness with Performance in Pure Object-oriented Languages},
 journal = {ACM Trans. Program. Lang. Syst.},
 issue_date = {July 1996},
 volume = {18},
 number = {4},
 month = jul,
 year = {1996},
 issn = {0164-0925},
 pages = {355--400},
 numpages = {46},
 url = {http://doi.acm.org/10.1145/233561.233562},
 doi = {10.1145/233561.233562},
 acmid = {233562},
 publisher = {ACM},
 address = {New York, NY, USA},
 keywords = {adaptive optimization, pause clustering, profile-based optimization, run-time compilation, type feedback},
}

@inproceedings{unboxing,
 author = {Leroy, Xavier},
 title = {Unboxed Objects and Polymorphic Typing},
 booktitle = {Proceedings of the 19th ACM SIGPLAN-SIGACT Symposium on Principles of Programming Languages},
 series = {POPL '92},
 year = {1992},
 isbn = {0-89791-453-8},
 location = {Albuquerque, New Mexico, USA},
 pages = {177--188},
 numpages = {12},
 url = {http://doi.acm.org/10.1145/143165.143205},
 doi = {10.1145/143165.143205},
 acmid = {143205},
 publisher = {ACM},
 address = {New York, NY, USA},
}

@misc{monosimd,
  title = {Mono {D}ocumentation: {M}ono.{S}imd {N}amespace},
  month = Jan,
  year = 2014,
  note = {\url{http://docs.go-mono.com/?link=N%3aMono.Simd}},
}

@misc{mozillasimd,
  title = {{IonMonkey}: Use {SIMD} to optimize gaussian blur},
  author = {Nicolas B. Pierron},
  month = Jan,
  year = 2014,
  note = {\url{https://bugzilla.mozilla.org/show_bug.cgi?id=832718}},
}

@misc{mandelbrot,
  title = {Benoit {M}andelbrot},
  month = Dec,
  year = 2013,
  note = {\url{http://en.wikipedia.org/wiki/Benoit_Mandelbrot}},
}

@misc{emscripten,
  title = {Emscripten},
  month = Jan,
  year = 2014,
  note = {\url{http://en.wikipedia.org/wiki/Emscripten}},
}

@inproceedings{smti,
 author = {Hackett, Brian and Guo, Shu-yu},
 title = {Fast and Precise Hybrid Type Inference for JavaScript},
 booktitle = {Proceedings of the 33rd ACM SIGPLAN Conference on Programming Language Design and Implementation},
 series = {PLDI '12},
 year = {2012},
 isbn = {978-1-4503-1205-9},
 location = {Beijing, China},
 pages = {239--250},
 numpages = {12},
 url = {http://doi.acm.org/10.1145/2254064.2254094},
 doi = {10.1145/2254064.2254094},
 acmid = {2254094},
 publisher = {ACM},
 address = {New York, NY, USA},
 keywords = {hybrid, just-in-time compilation, type inference},
} 
